<record><leader>00000cas a2200000 a 4500</leader><controlfield tag="001">4685865</controlfield><controlfield tag="008">790223d18581898ncuwr ne      0   a0eng c</controlfield><controlfield tag="009">490</controlfield><datafield ind1=" " ind2=" " tag="010"><subfield code="a">sn 84026541 </subfield></datafield><datafield ind1=" " ind2=" " tag="040"><subfield code="a">NXW</subfield><subfield code="b">eng</subfield><subfield code="c">NXW</subfield><subfield code="d">NPU</subfield><subfield code="d">PPM</subfield><subfield code="d">NVJ</subfield><subfield code="d">NVK</subfield><subfield code="d">OCL</subfield><subfield code="d">NVF</subfield><subfield code="d">OCLCO</subfield><subfield code="d">OCLCA</subfield></datafield><datafield ind1=" " ind2=" " tag="042"><subfield code="a">pcc</subfield></datafield><datafield ind1=" " ind2=" " tag="043"><subfield code="a">n-us-nc</subfield></datafield><datafield ind1=" " ind2=" " tag="090"><subfield code="a">BX8901</subfield><subfield code="b">.N6</subfield></datafield><datafield ind1="0" ind2="0" tag="245"><subfield code="a">North Carolina Presbyterian.</subfield></datafield><datafield ind1=" " ind2=" " tag="260"><subfield code="a">Fayetteville, N.C. :</subfield><subfield code="b">Geo. McNeill &amp; Bart'w Fuller,</subfield></datafield><datafield ind1="2" ind2=" " tag="260"><subfield code="3">Nov. 20, 1874-Dec. 30, 1897</subfield><subfield code="a">Wilmington, N.C. :</subfield><subfield code="b">[s.n.]</subfield></datafield><datafield ind1="3" ind2=" " tag="260"><subfield code="3">Jan. 16, 1898-Dec. 22, 1898</subfield><subfield code="a">Charlotte, N.C. :</subfield><subfield code="b">[s.n.]</subfield></datafield><datafield ind1=" " ind2=" " tag="300"><subfield code="a">v. :</subfield><subfield code="b">ill. ;</subfield><subfield code="c">33-68 cm.</subfield></datafield><datafield ind1=" " ind2=" " tag="310"><subfield code="a">Weekly</subfield></datafield><datafield ind1="0" ind2=" " tag="362"><subfield code="a">Vol. 1, no. 1 (Jan. 1, 1858)-v. 10, no. 51 (Dec. 25, 1867) whole no. 477 ; new ser. v. 1, no. 1 (Jan. 8, 1868) = old ser. v. 11, no. 478-new ser. v. 29, no. 1,564 (Dec. 30, 1897) = old ser. v. 39, no. 2,724 ; v. 40, no. 1, (Jan. 6, 1898)-v. 40, no. 51-52 (Dec. 22, 1898).</subfield></datafield><datafield ind1=" " ind2=" " tag="515"><subfield code="a">Suspended with Mar. 8, 1865 issue; resumed with Jan. 10, 1866 issue.</subfield></datafield><datafield ind1=" " ind2=" " tag="530"><subfield code="a">Available on microfilm from North Carolina Dept. of Archives &amp; History.</subfield></datafield><datafield ind1="2" ind2="0" tag="610"><subfield code="a">Presbyterian Church in the U.S.</subfield><subfield code="v">Newspapers.</subfield></datafield><datafield ind1="2" ind2="0" tag="610"><subfield code="a">Presbyterian Church in North Carolina</subfield><subfield code="v">Newspapers.</subfield></datafield><datafield ind1=" " ind2="0" tag="650"><subfield code="a">Presbyterian Church</subfield><subfield code="z">North Carolina</subfield><subfield code="v">Newspapers.</subfield></datafield><datafield ind1=" " ind2="0" tag="650"><subfield code="a">Presbyterians</subfield><subfield code="z">United States</subfield><subfield code="v">Newspapers.</subfield></datafield><datafield ind1=" " ind2="0" tag="651"><subfield code="a">Charlotte (N.C.)</subfield><subfield code="v">Newspapers.</subfield></datafield><datafield ind1=" " ind2="0" tag="651"><subfield code="a">Fayetteville (N.C.)</subfield><subfield code="v">Newspapers.</subfield></datafield><datafield ind1=" " ind2="0" tag="651"><subfield code="a">Wilmington (N.C.)</subfield><subfield code="v">Newspapers.</subfield></datafield><datafield ind1=" " ind2=" " tag="752"><subfield code="a">United States</subfield><subfield code="b">North Carolina</subfield><subfield code="c">Mecklenburg</subfield><subfield code="d">Charlotte.</subfield></datafield><datafield ind1=" " ind2=" " tag="752"><subfield code="a">United States</subfield><subfield code="b">North Carolina</subfield><subfield code="c">Cumberland</subfield><subfield code="d">Fayetteville.</subfield></datafield><datafield ind1=" " ind2=" " tag="752"><subfield code="a">United States</subfield><subfield code="b">North Carolina</subfield><subfield code="c">New Hanover</subfield><subfield code="d">Wilmington.</subfield></datafield><datafield ind1="0" ind2="0" tag="785"><subfield code="t">Presbyterian standard (Charlotte, N.C.)</subfield><subfield code="w">(DLC)sn 93064749</subfield><subfield code="w">(OCoLC)8448735</subfield></datafield></record>